%%%%%%%%%%%%%%%%%%%%%%%%%%%%%% 
% Books

@Book{Zarrella10,
  author = {Dan Zarrella},
  title = {The Social Media Marketing Book},
  publisher = {O’Reilly Media, Inc.},
  year = {2010},
  address = {Canada},
  language = {English},
  isbn = {978-0-596-80660-6}
}

@Book{Brogan12,
  author = {Chris Brogan},
  title = {Google+ for Business},
  subtitle = {How Google’s Social Network Changes Everything},
  publisher = {QUE},
  year = {2012},
  address = {Indianapolis, United States of America},
  language = {English},
  isbn = {978-0-7897-4914-7}
}


%%%%%%%%%%%%%%%%%%%%%%%%%%%%%%%
% Manuals or online PDFs

%@Manual{Wytrebowicz13,
%  author = {Jacek Wytrębowicz},
%  title = {http://www.google.com/intl/pl/+/business/index.html},
%  year = {2013},
%  month = {05},
%  version = {7},
%  url = {http://www.google.com/intl/pl/+/business/promote.html}
%}


%%%%%%%%%%%%%%%%%%%%%%%%%%%%%%%
% Web Pages

@Online{url:zaraz-po-instalacji,
  author = {Maciej Sypień},  
  title = {Zaraz po instalacji Ubuntu 14.04},  
  year = {2014},
  month = {7},
  day = {28},
  url = {http://blog.egel.pl/zaraz-po-instalacji-ubuntu-14-04/}
}
